<?xml version="1.0" encoding="UTF-8"?><collection xmlns="http://www.loc.gov/MARC21/slim"><record><leader>00539nam--2200193-i-4500</leader><controlfield tag="001">000041508</controlfield><controlfield tag="002">20161230</controlfield><controlfield tag="005">20161230201043</controlfield><controlfield tag="008">060222s1000------------r-----000-0-eng-d</controlfield><datafield ind1=" " ind2=" " tag="040"><subfield code="a">IFIN-HH</subfield></datafield><datafield ind1=" " ind2=" " tag="080"><subfield code="a">53:62</subfield></datafield><datafield ind1="1" ind2=" " tag="100"><subfield code="a">Shortley,G</subfield></datafield><datafield ind1="1" ind2="0" tag="245"><subfield code="a">Elements of physics for students of science and engineering</subfield><subfield code="c">G. shortley, d. williams</subfield></datafield><datafield ind1=" " ind2=" " tag="250"><subfield code="a">Third Edition</subfield></datafield><datafield ind1=" " ind2=" " tag="260"><subfield code="a">Englewood Cliffs,N.J</subfield><subfield code="b">Prentice-hall,Inc</subfield><subfield code="c">1961</subfield></datafield><datafield ind1=" " ind2=" " tag="300"><subfield code="a">XVI+928P.+XIIIP</subfield></datafield><datafield ind1="1" ind2=" " tag="700"><subfield code="a">Williams,D</subfield></datafield><datafield ind1=" " ind2=" " tag="852"><subfield code="a">16786</subfield><subfield code="c">53</subfield></datafield><datafield ind1=" " ind2=" " tag="CAT"><subfield code="a">Sys</subfield><subfield code="c">20150216</subfield><subfield code="h">231155</subfield></datafield></record></collection>